@article{DayaBay:2012fng,
    author = "An, F. P. and others",
    collaboration = "Daya Bay",
    title = "{Observation of electron-antineutrino disappearance at Daya Bay}",
    eprint = "1203.1669",
    archivePrefix = "arXiv",
    primaryClass = "hep-ex",
    doi = "10.1103/PhysRevLett.108.171803",
    journal = "Phys. Rev. Lett.",
    volume = "108",
    pages = "171803",
    year = "2012"
}
@article{Kelly:2020fkv,
    author = "Kelly, Kevin J. and Machado, Pedro A. N. and Parke, Stephen J. and Perez-Gonzalez, Yuber F. and Funchal, Renata Zukanovich",
    title = "{Neutrino mass ordering in light of recent data}",
    eprint = "2007.08526",
    archivePrefix = "arXiv",
    primaryClass = "hep-ph",
    reportNumber = "FERMILAB-PUB-20-330-T",
    doi = "10.1103/PhysRevD.103.013004",
    journal = "Phys. Rev. D",
    volume = "103",
    number = "1",
    pages = "013004",
    year = "2021"
}
@article{JUNO:2021vlw,
    author = "Abusleme, Angel and others",
    collaboration = "JUNO",
    title = "{JUNO physics and detector}",
    eprint = "2104.02565",
    archivePrefix = "arXiv",
    primaryClass = "hep-ex",
    doi = "10.1016/j.ppnp.2021.103927",
    journal = "Prog. Part. Nucl. Phys.",
    volume = "123",
    pages = "103927",
    year = "2022"
}
@inproceedings{Hyper-Kamiokande:2022smq,
    author = "Bian, J. and others",
    collaboration = "Hyper-Kamiokande",
    title = "{Hyper-Kamiokande Experiment: A Snowmass White Paper}",
    booktitle = "{2022 Snowmass Summer Study}",
    eprint = "2203.02029",
    archivePrefix = "arXiv",
    primaryClass = "hep-ex",
    month = "3",
    year = "2022"
}
@article{DUNE:2020fgq,
    author = "Abi, B. and others",
    collaboration = "DUNE",
    title = "{Prospects for beyond the Standard Model physics searches at the Deep Underground Neutrino Experiment}",
    eprint = "2008.12769",
    archivePrefix = "arXiv",
    primaryClass = "hep-ex",
    reportNumber = "FERMILAB-PUB-20-459-LBNF-ND, FERMILAB-PUB-20-459-LBNF-ND",
    doi = "10.1140/epjc/s10052-021-09007-w",
    journal = "Eur. Phys. J. C",
    volume = "81",
    number = "4",
    pages = "322",
    year = "2021"
}
@article{MINOS:2020llm,
    author = "Adamson, P. and others",
    collaboration = "MINOS+",
    title = "{Precision Constraints for Three-Flavor Neutrino Oscillations from the Full MINOS+ and MINOS Dataset}",
    eprint = "2006.15208",
    archivePrefix = "arXiv",
    primaryClass = "hep-ex",
    reportNumber = "FERMILAB-PUB-20-253-ND",
    doi = "10.1103/PhysRevLett.125.131802",
    journal = "Phys. Rev. Lett.",
    volume = "125",
    number = "13",
    pages = "131802",
    year = "2020"
}
@article{Super-Kamiokande:2019gzr,
    author = "Jiang, M. and others",
    collaboration = "Super-Kamiokande",
    title = "{Atmospheric Neutrino Oscillation Analysis with Improved Event Reconstruction in Super-Kamiokande IV}",
    eprint = "1901.03230",
    archivePrefix = "arXiv",
    primaryClass = "hep-ex",
    doi = "10.1093/ptep/ptz015",
    journal = "PTEP",
    volume = "2019",
    number = "5",
    pages = "053F01",
    year = "2019"
}
@article{MINOS:2013xrl,
    author = "Adamson, P. and others",
    collaboration = "MINOS",
    title = "{Electron neutrino and antineutrino appearance in the full MINOS data sample}",
    eprint = "1301.4581",
    archivePrefix = "arXiv",
    primaryClass = "hep-ex",
    reportNumber = "FERMILAB-PUB-13-023-E",
    doi = "10.1103/PhysRevLett.110.171801",
    journal = "Phys. Rev. Lett.",
    volume = "110",
    number = "17",
    pages = "171801",
    year = "2013"
}
@article{T2K:2021xwb,
    author = "Abe, K. and others",
    collaboration = "T2K",
    title = "{Improved constraints on neutrino mixing from the T2K experiment with $\mathbf{3.13\times10^{21}}$ protons on target}",
    eprint = "2101.03779",
    archivePrefix = "arXiv",
    primaryClass = "hep-ex",
    doi = "10.1103/PhysRevD.103.112008",
    journal = "Phys. Rev. D",
    volume = "103",
    number = "11",
    pages = "112008",
    year = "2021"
}
@article{NOvA:2021nfi,
    author = "Acero, M. A. and others",
    collaboration = "NOvA",
    title = "{Improved measurement of neutrino oscillation parameters by the NOvA experiment}",
    eprint = "2108.08219",
    archivePrefix = "arXiv",
    primaryClass = "hep-ex",
    reportNumber = "FERMILAB-PUB-21-373-ND",
    doi = "10.1103/PhysRevD.106.032004",
    journal = "Phys. Rev. D",
    volume = "106",
    number = "3",
    pages = "032004",
    year = "2022"
}
@article{Christenson:1964fg,
    author = "Christenson, J. H. and Cronin, J. W. and Fitch, V. L. and Turlay, R.",
    title = "{Evidence for the $2\pi$ Decay of the $K_2^0$ Meson}",
    doi = "10.1103/PhysRevLett.13.138",
    journal = "Phys. Rev. Lett.",
    volume = "13",
    pages = "138--140",
    year = "1964"
}
@article{ParticleDataGroup:2018ovx,
    author = "Tanabashi, M. and others",
    collaboration = "Particle Data Group",
    title = "{Review of Particle Physics}",
    doi = "10.1103/PhysRevD.98.030001",
    journal = "Phys. Rev. D",
    volume = "98",
    number = "3",
    pages = "030001",
    year = "2018"
}
@article{Sakharov:1967dj,
    author = "Sakharov, A. D.",
    title = "{Violation of CP Invariance, C asymmetry, and baryon asymmetry of the universe}",
    doi = "10.1070/PU1991v034n05ABEH002497",
    journal = "Pisma Zh. Eksp. Teor. Fiz.",
    volume = "5",
    pages = "32--35",
    year = "1967"
}
@article{Agarwalla:2013ju,
    author = "Agarwalla, Sanjib Kumar and others",
    title = "{Resolving the octant of theta23 with T2K and NOvA}",
    eprint = "1301.2574",
    archivePrefix = "arXiv",
    primaryClass = "hep-ph",
    reportNumber = "IFIC-12-85",
    doi = "10.1007/JHEP07(2013)131",
    journal = "JHEP",
    volume = "07",
    pages = "131",
    year = "2013"
}
@article{Gariazzo:2022ahe,
    author = "Gariazzo, Stefano and others",
    title = "{Neutrino mass and mass ordering: no conclusive evidence for normal ordering}",
    eprint = "2205.02195",
    archivePrefix = "arXiv",
    primaryClass = "hep-ph",
    doi = "10.1088/1475-7516/2022/10/010",
    journal = "JCAP",
    volume = "10",
    pages = "010",
    year = "2022"
}
@article{Esteban:2020cvm,
    author = "Esteban, Ivan and Gonzalez-Garcia, M. C. and Maltoni, Michele and Schwetz, Thomas and Zhou, Albert",
    title = "{The fate of hints: updated global analysis of three-flavor neutrino oscillations}",
    eprint = "2007.14792",
    archivePrefix = "arXiv",
    primaryClass = "hep-ph",
    reportNumber = "IFT-UAM/CSIC-112, YITP-SB-2020-21",
    doi = "10.1007/JHEP09(2020)178",
    journal = "JHEP",
    volume = "09",
    pages = "178",
    year = "2020"
}
@article{Kelly:2020fkv,
    author = "Kelly, Kevin J. and Machado, Pedro A. N. and Parke, Stephen J. and Perez-Gonzalez, Yuber F. and Funchal, Renata Zukanovich",
    title = "{Neutrino mass ordering in light of recent data}",
    eprint = "2007.08526",
    archivePrefix = "arXiv",
    primaryClass = "hep-ph",
    reportNumber = "FERMILAB-PUB-20-330-T",
    doi = "10.1103/PhysRevD.103.013004",
    journal = "Phys. Rev. D",
    volume = "103",
    number = "1",
    pages = "013004",
    year = "2021"
}
@INPROCEEDINGS{2018npa..confE.423A,
       author = {{Aurisano}, Adam},
        title = "{Recent Results from MINOS and MINOS+}",
    booktitle = {XXVIII International Conference on Neutrino Physics and Astrophysics},
         year = 2018,
        month = jun,
          eid = {423},
        pages = {423},
          doi = {10.5281/zenodo.1286760},
       adsurl = {https://ui.adsabs.harvard.edu/abs/2018npa..confE.423A},
      adsnote = {Provided by the SAO/NASA Astrophysics Data System}
}
@article{Super-Kamiokande:2017yvm,
    author = "Abe, K. and others",
    collaboration = "Super-Kamiokande",
    title = "{Atmospheric neutrino oscillation analysis with external constraints in Super-Kamiokande I-IV}",
    eprint = "1710.09126",
    archivePrefix = "arXiv",
    primaryClass = "hep-ex",
    doi = "10.1103/PhysRevD.97.072001",
    journal = "Phys. Rev. D",
    volume = "97",
    number = "7",
    pages = "072001",
    year = "2018"
}
@article{IceCube:2017lak,
    author = "Aartsen, M. G. and others",
    collaboration = "IceCube",
    title = "{Measurement of Atmospheric Neutrino Oscillations at 6\textendash{}56 GeV with IceCube DeepCore}",
    eprint = "1707.07081",
    archivePrefix = "arXiv",
    primaryClass = "hep-ex",
    doi = "10.1103/PhysRevLett.120.071801",
    journal = "Phys. Rev. Lett.",
    volume = "120",
    number = "7",
    pages = "071801",
    year = "2018"
}
@article{DayaBay:2022orm,
    author = "An, F. P. and others",
    collaboration = "Daya Bay",
    title = "{Precision measurement of reactor antineutrino oscillation at kilometer-scale baselines by Daya Bay}",
    eprint = "2211.14988",
    archivePrefix = "arXiv",
    primaryClass = "hep-ex",
    month = "11",
    year = "2022"
}
@article{RENO:2019otc,
    author = "Shin, C. D. and others",
    collaboration = "RENO",
    title = "{Observation of reactor antineutrino disappearance using delayed neutron capture on hydrogen at RENO}",
    eprint = "1911.04601",
    archivePrefix = "arXiv",
    primaryClass = "hep-ex",
    doi = "10.1007/JHEP04(2020)029",
    journal = "JHEP",
    volume = "04",
    pages = "029",
    year = "2020"
}
@article{RENO:2018dro,
    author = "Bak, G. and others",
    collaboration = "RENO",
    title = "{Measurement of Reactor Antineutrino Oscillation Amplitude and Frequency at RENO}",
    eprint = "1806.00248",
    archivePrefix = "arXiv",
    primaryClass = "hep-ex",
    doi = "10.1103/PhysRevLett.121.201801",
    journal = "Phys. Rev. Lett.",
    volume = "121",
    number = "20",
    pages = "201801",
    year = "2018"
}
@article{DoubleChooz:2019qbj,
    author = "de Kerret, H. and others",
    collaboration = "Double Chooz",
    title = "{Double Chooz $\theta_{13}$ measurement via total neutron capture detection}",
    eprint = "1901.09445",
    archivePrefix = "arXiv",
    primaryClass = "hep-ex",
    doi = "10.1038/s41567-020-0831-y",
    journal = "Nature Phys.",
    volume = "16",
    number = "5",
    pages = "558--564",
    year = "2020"
}
@article{DoubleChooz:2020vtr,
    author = "Abrah\~ao, T. and others",
    collaboration = "Double Chooz",
    title = "{Reactor rate modulation oscillation analysis with two detectors in Double Chooz}",
    eprint = "2007.13431",
    archivePrefix = "arXiv",
    primaryClass = "hep-ex",
    doi = "10.1007/JHEP01(2021)190",
    journal = "JHEP",
    volume = "01",
    pages = "190",
    year = "2021"
}
@article{DoubleChooz:2015mfm,
    author = "Abe, Y. and others",
    collaboration = "Double Chooz",
    title = "{Measurement of \ensuremath{\theta}$_{13}$ in Double Chooz using neutron captures on hydrogen with novel background rejection techniques}",
    eprint = "1510.08937",
    archivePrefix = "arXiv",
    primaryClass = "hep-ex",
    doi = "10.1007/JHEP01(2016)163",
    journal = "JHEP",
    volume = "01",
    pages = "163",
    year = "2016"
}
@article{DayaBay:2014fud,
    author = "An, F. P. and others",
    collaboration = "Daya Bay",
    title = "{Independent measurement of the neutrino mixing angle $\theta_{13}$ via neutron capture on hydrogen at Daya Bay}",
    eprint = "1406.6468",
    archivePrefix = "arXiv",
    primaryClass = "hep-ex",
    doi = "10.1103/PhysRevD.90.071101",
    journal = "Phys. Rev. D",
    volume = "90",
    number = "7",
    pages = "071101",
    year = "2014"
}
@article{DayaBay:2016ziq,
    author = "An, F. P. and others",
    collaboration = "Daya Bay",
    title = "{New measurement of $\theta_{13}$ via neutron capture on hydrogen at Daya Bay}",
    eprint = "1603.03549",
    archivePrefix = "arXiv",
    primaryClass = "hep-ex",
    doi = "10.1103/PhysRevD.93.072011",
    journal = "Phys. Rev. D",
    volume = "93",
    number = "7",
    pages = "072011",
    year = "2016"
}@article{RENO:2012mkc,
    author = "Ahn, J. K. and others",
    collaboration = "RENO",
    title = "{Observation of Reactor Electron Antineutrino Disappearance in the RENO Experiment}",
    eprint = "1204.0626",
    archivePrefix = "arXiv",
    primaryClass = "hep-ex",
    doi = "10.1103/PhysRevLett.108.191802",
    journal = "Phys. Rev. Lett.",
    volume = "108",
    pages = "191802",
    year = "2012"
}
@article{DoubleChooz:2012gmf,
    author = "Abe, Y. and others",
    collaboration = "Double Chooz",
    title = "{Reactor electron antineutrino disappearance in the Double Chooz experiment}",
    eprint = "1207.6632",
    archivePrefix = "arXiv",
    primaryClass = "hep-ex",
    doi = "10.1103/PhysRevD.86.052008",
    journal = "Phys. Rev. D",
    volume = "86",
    pages = "052008",
    year = "2012"
}
@article{DoubleChooz:2014kuw,
    author = "Abe, Y. and others",
    collaboration = "Double Chooz",
    title = "{Improved measurements of the neutrino mixing angle $\theta_{13}$ with the Double Chooz detector}",
    eprint = "1406.7763",
    archivePrefix = "arXiv",
    primaryClass = "hep-ex",
    doi = "10.1007/JHEP02(2015)074",
    journal = "JHEP",
    volume = "10",
    pages = "086",
    year = "2014",
    note = "[Erratum: JHEP 02, 074 (2015)]"
}